@book{jones1993partial,
  title={{Partial evaluation and automatic program generation}},
  author={Jones, N.D. and Gomard, C.K. and Sestoft, P.},
  year={1993},
  publisher={Peter Sestoft}
}

@article{bolz-automatic,
  title={{Automatic JIT Compiler Generation with Runtime Partial Evaluation}},
  author={Bolz, C.F.}
  year={2008}
}

@article{futamura1999partial,
  title={{Partial evaluation of computation process - an approach to a compiler-compiler}},
  author={Futamura, Y.},
  journal={Higher-Order and Symbolic Computation},
  volume={12},
  number={4},
  pages={381--391},
  year={1999},
  publisher={Springer}
}

