@book{jones1993partial,
  title={{Partial evaluation and automatic program generation}},
  author={Jones, N.D. and Gomard, C.K. and Sestoft, P.},
  year={1993},
  publisher={Peter Sestoft}
}

@article{intropap,
  title={{An Introduction to Partial Evaluation}},
  author={Neil D. Jones},
  year={1996},
  journal={ACM Computing Surveys},
  volume={28}
}

@article{thesis,
  title={{Compilation by Transformation in
          Non-Strict Functional Languages}}
  author={Santos A. L.},
  year={1995},
}

@article{stg,
    title={{The spineless tagless G-matchine}},
    author={Simon L. Peyton Jones, Jon Salkild},
    year={1989},
    journal={Functional Programming Languages
             and Computer Architecture},
    pages={184-201},
    }


@article{bolz-automatic,
  title={{Automatic JIT Compiler Generation with Runtime Partial Evaluation}},
  author={Bolz, C.F.},
  year={2008}
}

@article{ecce,
    title={{Controlling Generalization and Polyvariance
            in Partial Deduction of Normal Logic Programs}},
    author={Michael Leunchel, Bern Martens, Danny de Schreye},
    journal={ACM Transactions on Programming Languages and Systems},
    volume={20},
    year={1998},
    pages={208-258}
}


@article{mitchell2007supercompiler,
  title={{A supercompiler for core haskell}},
  author={Mitchell, N. and Runciman, C.},
  journal={Selected Papers from the Proceedings of IFL},
  volume={5083},
  pages={147--164},
  year={2007},
  publisher={Springer}
}


@article{futamura1999partial,
  title={{Partial evaluation of computation process - an approach to a compiler-compiler}},
  author={Futamura, Y.},
  journal={Higher-Order and Symbolic Computation},
  volume={12},
  number={4},
  pages={381--391},
  year={1999},
  publisher={Springer}
}
@article{marlow2006making,
  title={{Making a fast curry: push/enter vs. eval/apply for higher-order languages}},
  author={Marlow, S. and Jones, S.P.},
  journal={Journal of Functional Programming},
  volume={16},
  number={4-5},
  pages={415--449},
  year={2006},
  publisher={Cambridge Univ Press}
}

@conference{srensen1995algorithm,
  title={{An algorithm of generalization in positive supercompilation}},
  author={Srensen, M.H. and Gluck, R.},
  booktitle={Proceedings of ILPS},
  volume={95},
  pages={465--479},
  year={1995},
  organization={Citeseer}
}

